<?xml version="1.0" encoding="UTF-8"?><collection xmlns="http://www.loc.gov/MARC21/slim"><record><leader>00333nam--2200121-i-4500</leader><controlfield tag="001">000006358</controlfield><controlfield tag="002">20161230</controlfield><controlfield tag="005">20161230201026</controlfield><controlfield tag="008">060222s1000------------r-----000-0-eng-d</controlfield><datafield ind1=" " ind2=" " tag="100"><subfield code="a">Chittum, J.W., Grady, R.I</subfield></datafield><datafield ind1=" " ind2=" " tag="245"><subfield code="a">The chemist at work</subfield></datafield><datafield ind1=" " ind2=" " tag="260"><subfield code="a">Easton, Pa., J.Of Chemical Education, 1942. Xvii + 422 P.+ Appendix</subfield></datafield><datafield ind1=" " ind2=" " tag="852"><subfield code="a">18768</subfield></datafield></record></collection>